@article{PubSub,
	author  = "P.Th. Eugster and P. Felber and R. Guerraoui and A.-M. Kermarrec",
	title   = "The Many Faces of Publish/Subscribe",
	year    = "2003"
}
